@online{antipattern,
    author = "Onsiter",
    title = "What are anti-patterns in software development and how to avoid them {[Online] Available:}",
    url = "https://onsiter.medium.com/what-are-anti-patterns-in-software-development-and-how-to-avoid-them-3973bb53224d#",
    addendum = "(8.01.2024)",
    keywords = "antipattern"
}

@online{event_logs,
    author = "Sematext",
    title = "Event Log {[Online] Available:}",
    url = "https://sematext.com/glossary/event-log/",
    addendum = "(8.01.2024)",
    keywords = "event_logs"
}

@online{rule,
    author = "engati. Simply intellegent",
    title = "Rule-Based System {[Online] Available:}",
    url = "https://www.engati.com/glossary/rule-based-system",
    addendum = "(8.01.2024)",
    keywords = "rule"
}

@online{dsl,
    author = "JetBrains",
    title = "Domain Specific Language {[Online] Available:}",
    url = "https://www.jetbrains.com/mps/concepts/domain-specific-languages/",
    addendum = "(10.01.2024)",
    keywords = "dsl"
}

@online{crs,
    author = "Jordan Hollander",
    title = "Central Reservation Systems {[Online] Available:}",
    url = "https://hoteltechreport.com/news/what-is-a-crs",
    addendum = "(13.01.2024)",
    keywords = "crs"
}

@online{soa,
    author = "Amazon",
    title = "Что такое сервис-ориентированная архитектура (SOA)? {[Online] Available:}",
    url = "https://aws.amazon.com/ru/what-is/service-oriented-architecture/",
    addendum = "(14.01.2024)",
    keywords = "soa"
}

@online{soa_2,
    author = "Nick Barney",
    title = "Service-oriented architecture (SOA)? {[Online] Available:}",
    url = "https://www.techtarget.com/searchapparchitecture/definition/service-oriented-architecture-SOA",
    addendum = "(14.01.2024)",
    keywords = "soa_2"
}

@online{sql,
    author = "Amazon Web Service",
    title = "Что такое структурированный язык запросов (SQL)? {[Online] Available:}",
    url = "https://aws.amazon.com/ru/what-is/sql/",
    addendum = "(15.01.2024)",
    keywords = "sql"
}

@online{requirements_analysis,
    author = "Indeed Editorial Team",
    title = "What Is Requirements Analysis? Process and Techniques {[Online] Available:}",
    url = "https://www.indeed.com/career-advice/career-development/requirements-analysis",
    addendum = "(28.01.2024)",
    keywords = "requirements_analysis"
}

@online{doc,
    author = "Francis Palma. Mathieu Nayrolles. Naouel Moha. Yann-Gaël Guéhéneuc",
    title = "SOA Antipatterns: an Approach for their Specification and Detection {[Online] Available:}",
    url = "https://www.researchgate.net/publication/273933610",
    addendum = "(29.01.2024)",
    keywords = "doc"
}

@article{soa_3,
    author = "Thomas Erl",
    title = "Service-Oriented Architecture: Concepts, Technology, and Design.",
    publisher = "Prentice Hall PTR",
    year = "2005",
    addendum = "(30.01.2024)",
    keywords = "soa_3"
}

@online{func_req,
    author = "Nuclino",
    title = "A Guide to Functional Requirements {[Online] Available:}",
    url = "https://www.nuclino.com/articles/functional-requirements",
    addendum = "(29.01.2024)",
    keywords = "func_req"
}

@online{interpreter,
    author = "Indeed Editorial Team",
    title = "What Does an Interpreter Do? Duties, Skills and Tips {[Online] Available:}",
    url = "https://www.indeed.com/career-advice/finding-a-job/what-does-interpreter-do",
    addendum = "(4.02.2024)",
    keywords = "interpreter"
}

@online{system_design,
    author = "Geek for Geeks",
    title = "What is Systems Design – Learn System Design {[Online] Available:}",
    url = "https://www.geeksforgeeks.org/what-is-system-design-learn-system-design/",
    addendum = "(17.02.2024)",
    keywords = "system_design"
}

@online{business_rules,
    author = "IBM",
    title = "What are business rules? {[Online] Available:}",
    url = "https://www.ibm.com/topics/business-rules",
    addendum = "(19.02.2024)",
    keywords = "business_rules"
}

@online{system_arch,
    author = "Lentreo",
    title = "Types of System Architectures {[Online] Available:}",
    url = "https://medium.com/@abhijitgunjal1648/types-of-system-architectures-eb37dd496971",
    addendum = "(22.02.2024)",
    keywords = "system_arch"
}

@online{python,
    author = "Python Software Foundation",
    title = "Python is a programming language that lets you work quickly and integrate systems more effectively {[Online] Available:}",
    url = "https://www.python.org/",
    addendum = "(22.02.2024)",
    keywords = "python"
}

@online{xml,
    author = "Molechka",
    title = "Что такое XML {[Online] Available:}",
    url = "https://habr.com/ru/articles/524288/",
    addendum = "(21.02.2024)",
    keywords = "xml"
}

@online{sqlite3,
    author = "SQLite Consortium",
    title = "What Is SQLite? {[Online] Available:}",
    url = "https://www.sqlite.org/",
    addendum = "(21.02.2024)",
    keywords = "sqlite3"
}

@article{book_1,
    author = "Bill Dudney and Stephen Asbury",
    title = "J2EE AntiPatterns.",
    publisher = "John Wiley & Sons Inc",
    year = "2003",
    addendum = "(12.03.2024)",
    keywords = "book_1"
}

@article{book_2,
    author = "MartinJ.Fowler, KentBeck and JohnBrant",
    title = "Refactoring: Improving the Design of Existing Code",
    publisher = "Addison-Wesley",
    year = "1999",
    addendum = "(12.03.2024)",
    keywords = "book_2"
}

@online{duplicated_service,
    author = "Luba Cherbakov, Mamdouh Ibrahim, and Jenny Ang",
    title = "SOA Antipatterns: The Ob- stacles to the Adoption and Successful Realization of Service-Oriented Architecture. {[Online] Available:}",
    url = "https://www.ibm.com/developerworks/webservices/library/ws-antipatterns/",
    addendum = "(12.03.2024)",
    keywords = "duplicated_service"
}

@online{nobody_home,
    author = "Steve Jones",
    title = "SOA Anti-patterns {[Online] Available:}",
    url = "https://www.infoq.com/articles/SOA-anti-patterns",
    addendum = "(12.03.2024)",
    keywords = "nobody_home"
}

@article{book_3,
    author = "Arnon Rotem-Gal-Oz, Eric Bruno, and Udi Dahan",
    title = "SOA Patterns",
    publisher = "Manning Publications Co.",
    year = "2012",
    addendum = "(12.03.2024)",
    keywords = "book_3"
}

@online{multi_perspective,
    author = "Shershakov Sergey A.",
    title = "Multi-Perspective Process Mining with Embedding Configurations into DB-based Event Logs {[Online] Available:}",
    url = "https://publications.hse.ru/chapters/314834252",
    addendum = "(14.03.2024)",
    keywords = "multi_perspective"
}

@online{soda,
    author = "Mathieu Nayrolles et al.",
    title = "Soda: A Tool Support for the Detection of SOA Antipatterns {[Online] Available:}",
    url = "https://www.researchgate.net/publication/236174040",
    addendum = "(14.03.2024)",
    keywords = "soda"
}


